<?xml version="1.0" encoding="UTF-8"?><record xmlns="http://www.loc.gov/MARC21/slim" xmlns:cinclude="http://apache.org/cocoon/include/1.0" xmlns:zs="http://www.loc.gov/zing/srw/">
  <leader>00528cz  a2200145n  4500</leader>
  <controlfield tag="001">no 94003374 </controlfield>
  <controlfield tag="003">DLC</controlfield>
  <controlfield tag="005">20110331074955.0</controlfield>
  <controlfield tag="008">940131n| acannaab|          |n aaa     c</controlfield>
  <datafield tag="010" ind1=" " ind2=" ">
    <subfield code="a">no 94003374 </subfield>
  </datafield>
  <datafield tag="035" ind1=" " ind2=" ">
    <subfield code="a">(Uk)004386135</subfield>
  </datafield>
  <datafield tag="040" ind1=" " ind2=" ">
    <subfield code="a">OO</subfield>
    <subfield code="c">OO</subfield>
    <subfield code="d">Uk</subfield>
  </datafield>
  <datafield tag="100" ind1="1" ind2=" ">
    <subfield code="a">Varley, Gillian,</subfield>
    <subfield code="d">1937-</subfield>
  </datafield>
  <datafield tag="670" ind1=" " ind2=" ">
    <subfield code="a">Art &amp; design documentation in the UK and Ireland, 1993:</subfield>
    <subfield code="b">t.p. (Gillian Varley; Head of Public Services, National Art Library, Victoria &amp; Albert Museum)</subfield>
  </datafield>
  <datafield tag="670" ind1=" " ind2=" ">
    <subfield code="a">Email from author, 28 Mar. 2011</subfield>
    <subfield code="b">(Gillian Varley, born 21 Dec. 1937)</subfield>
  </datafield>
</record>